
@Article{Sin14,
  author	= 	 {Dilpreet Singh and Chandan K Reddy},
  title		= 	 {A survey on platforms for big data analytics},
  year		= 	 {2014}
}

@Article{Woo01,
author = {W. K. Wootters},
title = {Entanglement of formation and concurrence},
journal = {Quantum Information and Computation},
year = 2001,
volume = 1,
pages = {27--47}
}

@Book{Hail,
authot = {Max Hailperin, Barbara Kaiser, Karl Knight},
title = {Concrete Abstractions: An Introduction to Computer Science Using Scheme},
year = 1999,
pages = {278ff.}
}